@proceedings{DBLP:conf/icde/96,
  editor    = {Stanley Y. W. Su},
  title     = {Proceedings of the Twelfth International Conference on Data
               Engineering, February 26 - March  1, 1996, New Orleans,
               Louisiana},
  publisher = {IEEE Computer Society},
  year      = {1996},
  isbn      = {0-8186-7240-4},
  bibsource = {DBLP, http://dblp.uni-trier.de}
}
@proceedings{DBLP:conf/sigmod/2006,
  editor    = {Surajit Chaudhuri and
               Vagelis Hristidis and
               Neoklis Polyzotis},
  title     = {Proceedings of the ACM SIGMOD International Conference on
               Management of Data, Chicago, Illinois, USA, June 27-29,
               2006},
  booktitle = {SIGMOD},
  publisher = {ACM},
  year      = {2006},
  isbn      = {1-59593-256-9},
  bibsource = {DBLP, http://dblp.uni-trier.de}
}
@proceedings{DBLP:conf/sigmod/2008,
  editor    = {Jason Tsong-Li Wang},
  title     = {Proceedings of the ACM SIGMOD International Conference on
               Management of Data, SIGMOD 2008, Vancouver, BC, Canada,
               June 10-12, 2008},
  booktitle = {SIGMOD},
  publisher = {ACM},
  year      = {2008},
  isbn      = {978-1-60558-102-6},
  bibsource = {DBLP, http://dblp.uni-trier.de}
}
@proceedings{DBLP:conf/icde/2008,
  editor    = {Gustavo Alonso and
               Jos{\'e} A. Blakeley and
               Arbee L. P. Chen},
  title     = {Proceedings of the 24th International Conference on Data
               Engineering, ICDE 2008,  April 7-12, 2008, Canc{\'u}n,
               M{\'e}xico},
  booktitle = {ICDE},
  publisher = {IEEE},
  year      = {2008},
  bibsource = {DBLP, http://dblp.uni-trier.de}
}

@proceedings{DBLP:conf/icdm/2010,
  editor    = {Geoffrey I. Webb and
               Bing Liu and
               Chengqi Zhang and
               Dimitrios Gunopulos and
               Xindong Wu},
  title     = {ICDM 2010, The 10th IEEE International Conference on Data
               Mining, Sydney, Australia, 14-17 December 2010},
  booktitle = {ICDM},
  publisher = {IEEE Computer Society},
  year      = {2010},
  bibsource = {DBLP, http://dblp.uni-trier.de}
}

@proceedings{DBLP:conf/kdd/2008,
  editor    = {Ying Li and
               Bing Liu and
               Sunita Sarawagi},
  title     = {Proceedings of the 14th ACM SIGKDD International Conference
               on Knowledge Discovery and Data Mining, Las Vegas, Nevada,
               USA, August 24-27, 2008},
  booktitle = {KDD},
  publisher = {ACM},
  year      = {2008},
  isbn      = {978-1-60558-193-4},
  bibsource = {DBLP, http://dblp.uni-trier.de}
}
@proceedings{DBLP:conf/btw/2011,
  editor    = {Theo H{\"a}rder and
               Wolfgang Lehner and
               Bernhard Mitschang and
               Harald Sch{\"o}ning and
               Holger Schwarz},
  title     = {Datenbanksysteme f{\"u}r Business, Technologie und Web
               (BTW), 14. Fachtagung des GI-Fachbereichs "Datenbanken und
               Informationssysteme" (DBIS), 2.-4.3.2011 in Kaiserslautern,
               Germany},
  booktitle = {BTW},
  publisher = {GI},
  series    = {LNI},
  volume    = {180},
  year      = {2011},
  isbn      = {978-3-88579-274-1},
  bibsource = {DBLP, http://dblp.uni-trier.de}
}
@proceedings{DBLP:conf/icde/2012,
  editor    = {Gustavo Alonso and
               Jos{\'e} A. Blakeley and
               Arbee L. P. Chen},
  title     = {Proceedings of the 24th International Conference on Data
               Engineering, ICDE 2008,  April 7-12, 2008, Canc{\'u}n,
               M{\'e}xico},
  booktitle = {ICDE},
  publisher = {IEEE},
  year      = {2008},
  bibsource = {DBLP, http://dblp.uni-trier.de}
}



@inproceedings{FBL09,
  author    = {Ulrike Fischer and
               Matthias B{\"o}hm and
               Wolfgang Lehner},
  title     = {Offline Design Tuning for Hierarchies of Forecast Models},
  booktitle = {BTW},
  year      = {2011},
  pages     = {167-186}
  %crossref  = {DBLP:conf/btw/2011},
  %bibsource = {DBLP, http://dblp.uni-trier.de}
}
@inproceedings{FRL12,
  author    = {Ulrike Fischer and
               Frank Rosenthal and
               Wolfgang Lehner},
  title     = {{F2DB:} The Flash-Forward Database System},
  booktitle = {ICDE},
   pages     = {1245-1248},
  year      = {2012}    
}
 @Book{tBOX76a,
  author =	 {G. E. P. Box and G. M. Jenkins},
  title = 	 {Time Series Analysis, Forecasting, and Control},
  publisher = 	 {Holden-Day},
  year = 	 {1976}%,
  %address =	 {San Francisco}
  
}
@article{clipping,
  author    = {Anthony J. Bagnall and
               Chotirat (Ann) Ratanamahatana and
               Eamonn J. Keogh and
               Stefano Lonardi and
               Gareth J. Janacek},
  title     = {A Bit Level Representation for Time Series Data Mining with
               Shape Based Similarity},
  journal   = {DMKD},
  volume    = {13},
  number    = {1},
  year      = {2006},
  pages     = {11-40}
  %ee        = {http://dx.doi.org/10.1007/s10618-005-0028-0},
  %bibsource = {DBLP, http://dblp.uni-trier.de}
}
@inproceedings{isax,
  author    = {Jin Shieh and
               Eamonn J. Keogh},
  title     = {{{\it i}SAX: indexing and mining terabyte sized time series}},
  booktitle = {KDD},
  year      = {2008},
  pages     = {623-631}
  %ee        = {http://doi.acm.org/10.1145/1401890.1401966}
}

@inproceedings{isax2,
  author    = {Alessandro Camerra and
               Themis Palpanas and
               Jin Shieh and
               Eamonn J. Keogh},
  title     = {{\it i}SAX 2.0}: indexing and mining one billion time series}},
  booktitle = {ICDM},
  year      = {2010},
  pages     = {58-67}
  %ee        = {http://dx.doi.org/10.1109/ICDM.2010.124}
}
@article{QCube,
  author    = {Daniel Barbar{\'a} and
               Mark Sullivan},
  title     = {Quasi-Cubes: Exploiting Approximations in Multidimensional
               Databases},
  journal   = {SIGMOD Record},
  volume    = {26},
  number    = {3},
  year      = {1997}
  %,
  %pages     = {12-17},
  %ee        = {http://doi.acm.org/10.1145/262762.262764},
  %bibsource = {DBLP, http://dblp.uni-trier.de}
}
@inproceedings{pluse,
  author    = {Yanif Ahmad and
               Olga Papaemmanouil and
               Ugur \c{C}etintemel and
               Jennie Rogers},
  title     = {Simultaneous Equation Systems for Query Processing on Continuous-Time
               Data Streams},
  booktitle = {ICDE},
  year      = {2008},
  pages     = {666-675}
  
  %ee        = {http://doi.ieeecomputersociety.org/10.1109/ICDE.2008.4497475}
}
@inproceedings{functionDB,
  author    = {Arvind Thiagarajan and
               Samuel Madden},
  title     = {Querying continuous functions in a database system},
  booktitle = {SIGMOD},
  year      = {2008},
  pages     = {791-804}
 % ee        = {http://doi.acm.org/10.1145/1376616.1376696}
}
@inproceedings{MauveDB,
  author    = {Amol Deshpande and
               Samuel Madden},
  title     = {{MauveDB:} supporting model-based user views in database systems},
  booktitle = {SIGMOD},
  year      = {2006},
  pages     = {73-84}
  %ee        = {http://doi.acm.org/10.1145/1142473.1142483}
}
@inproceedings{Shatkay,
  author    = {Hagit Shatkay and
               Stanley B. Zdonik},
  title     = {Approximate Queries and Representations for Large Data Sequences},
  booktitle = {ICDE},
  year      = {1996},
  pages     = {536-545}
 % ee        = {http://doi.ieeecomputersociety.org/10.1109/ICDE.1996.492204}
}
 @Book{cheb,
  author =	 {J. C. Mason and D. Handscomb},
  ALTeditor = 	 {},
  title = 	 {Chebyshev
Polynomials},
  publisher = 	 {Chapman \& Hall},
  year = 	 {2003}  
}

@inproceedings{ArimaDB,
    author = {Rosenthal, Frank and Lehner, Wolfgang},
    title={ Effcient In-Database Maintenance of ARIMA Models},
  booktitle = {SSDBM},
  pages = {537-545},
  year = {2011}
}
@Book{iran,
  author =	 {Bruce Bueno de Mesquita  },
  ALTeditor = 	 {},
  title = 	 {Forecasting Policy Futures },
  publisher = 	 {Ohio State Univ},
  year = 	 {2004}  
}
@article{stock,
author={Kohara, K. and Ishikawa, T. and Fukuhara, Y. and  Nakamura, Y.},
title={ Stock price prediction using
prior knowledge and neural networks.},
 journal={Intelligent Systems in Accounting, Finance
\& Management},
 year={1997},
 pages = {11--22},
 volume={6},
   number={1}
   
 }
 
 
 @article{arimaEng,
   title={Day-ahead wind speed forecasting using f-ARIMA models},
   author={Kavasseri, R.G. and Seetharaman, K.},
   journal={Renewable Energy},
   volume={34},
   number={5},
   pages={1388--1393},
   year={2009},
   publisher={Elsevier}
}
 %Fast Subsequence Matching in Time-Series Databases
 %Clu-istos F~outsos* M. llanganat~an~ Yanais Maaolopoulo$
 
 
 @Book{Decompose,
  author =	 {M. Kendall and A. Stuart },
    title = 	 {The Advanced Theory of Statistics},
  publisher = 	 {Griffin},
  volume = 3,
  year = 	 {1983}  
}
 

@proceedings{DBLP:conf/icde/96,
  editor    = {Stanley Y. W. Su},
  title     = {Proceedings of the Twelfth International Conference on Data
               Engineering, February 26 - March  1, 1996, New Orleans,
               Louisiana},
  publisher = {IEEE Computer Society},
  year      = {1996},
  isbn      = {0-8186-7240-4},
  bibsource = {DBLP, http://dblp.uni-trier.de}
}
@proceedings{DBLP:conf/sigmod/2006,
  editor    = {Surajit Chaudhuri and
               Vagelis Hristidis and
               Neoklis Polyzotis},
  title     = {Proceedings of the ACM SIGMOD International Conference on
               Management of Data, Chicago, Illinois, USA, June 27-29,
               2006},
  booktitle = {SIGMOD Conference},
  publisher = {ACM},
  year      = {2006},
  isbn      = {1-59593-256-9},
  bibsource = {DBLP, http://dblp.uni-trier.de}
}
@proceedings{DBLP:conf/sigmod/2008,
  editor    = {Jason Tsong-Li Wang},
  title     = {Proceedings of the ACM SIGMOD International Conference on
               Management of Data, SIGMOD 2008, Vancouver, BC, Canada,
               June 10-12, 2008},
  booktitle = {SIGMOD Conference},
  publisher = {ACM},
  year      = {2008},
  isbn      = {978-1-60558-102-6},
  bibsource = {DBLP, http://dblp.uni-trier.de}
}
@proceedings{DBLP:conf/icde/2008,
  editor    = {Gustavo Alonso and
               Jos{\'e} A. Blakeley and
               Arbee L. P. Chen},
  title     = {Proceedings of the 24th International Conference on Data
               Engineering, ICDE 2008,  April 7-12, 2008, Canc{\'u}n,
               M{\'e}xico},
  booktitle = {ICDE},
  publisher = {IEEE},
  year      = {2008},
  bibsource = {DBLP, http://dblp.uni-trier.de}
}

@proceedings{DBLP:conf/icdm/2010,
  editor    = {Geoffrey I. Webb and
               Bing Liu and
               Chengqi Zhang and
               Dimitrios Gunopulos and
               Xindong Wu},
  title     = {ICDM 2010, The 10th IEEE International Conference on Data
               Mining, Sydney, Australia, 14-17 December 2010},
  booktitle = {ICDM},
  publisher = {IEEE Computer Society},
  year      = {2010},
  bibsource = {DBLP, http://dblp.uni-trier.de}
}

@proceedings{DBLP:conf/kdd/2008,
  editor    = {Ying Li and
               Bing Liu and
               Sunita Sarawagi},
  title     = {Proceedings of the 14th ACM SIGKDD International Conference
               on Knowledge Discovery and Data Mining, Las Vegas, Nevada,
               USA, August 24-27, 2008},
  booktitle = {KDD},
  publisher = {ACM},
  year      = {2008},
  isbn      = {978-1-60558-193-4},
  bibsource = {DBLP, http://dblp.uni-trier.de}
}
@proceedings{DBLP:conf/btw/2011,
  editor    = {Theo H{\"a}rder and
               Wolfgang Lehner and
               Bernhard Mitschang and
               Harald Sch{\"o}ning and
               Holger Schwarz},
  title     = {Datenbanksysteme f{\"u}r Business, Technologie und Web
               (BTW), 14. Fachtagung des GI-Fachbereichs "Datenbanken und
               Informationssysteme" (DBIS), 2.-4.3.2011 in Kaiserslautern,
               Germany},
  booktitle = {BTW},
  publisher = {GI},
  series    = {LNI},
  volume    = {180},
  year      = {2011},
  isbn      = {978-3-88579-274-1},
  bibsource = {DBLP, http://dblp.uni-trier.de}
}
@proceedings{DBLP:conf/icde/2012,
  editor    = {Gustavo Alonso and
               Jos{\'e} A. Blakeley and
               Arbee L. P. Chen},
  title     = {Proceedings of the 24th International Conference on Data
               Engineering, ICDE 2008,  April 7-12, 2008, Canc{\'u}n,
               M{\'e}xico},
  booktitle = {ICDE},
  publisher = {IEEE},
  year      = {2008},
  bibsource = {DBLP, http://dblp.uni-trier.de}
}



@inproceedings{FBL09,
  author    = {Ulrike Fischer and
               Matthias B{\"o}hm and
               Wolfgang Lehner},
  title     = {Offline Design Tuning for Hierarchies of Forecast Models},
  booktitle = {BTW},
  year      = {2011},
  pages     = {167-186}
  %crossref  = {DBLP:conf/btw/2011},
  %bibsource = {DBLP, http://dblp.uni-trier.de}
}
@inproceedings{FRL12,
  author    = {Ulrike Fischer and
               Frank Rosenthal and
               Wolfgang Lehner},
  title     = {{F2DB: The Flash-Forward Database System}},
  booktitle = {ICDE},
  year      = {2012}    
}
 @Book{tBOX76a,
  author =	 {G. E. P. Box and G. M. Jenkins},
  title = 	 {Time Series Analysis, Forecasting, and Control},
  publisher = 	 {Holden-Day},
  year = 	 {1976}%,
  %address =	 {San Francisco}
  
}
@article{clipping,
  author    = {Anthony J. Bagnall and
               Chotirat (Ann) Ratanamahatana and
               Eamonn J. Keogh and
               Stefano Lonardi and
               Gareth J. Janacek},
  title     = {A Bit Level Representation for Time Series Data Mining with
               Shape Based Similarity},
  journal   = {DMKD},
  volume    = {13},
  number    = {1},
  year      = {2006},
  pages     = {11-40}
  %ee        = {http://dx.doi.org/10.1007/s10618-005-0028-0},
  %bibsource = {DBLP, http://dblp.uni-trier.de}
}
@inproceedings{isax,
  author    = {Jin Shieh and
               Eamonn J. Keogh},
  title     = {{{\it i}SAX: indexing and mining terabyte sized time series}},
  booktitle = {KDD},
  year      = {2008},
  pages     = {623-631}
  %ee        = {http://doi.acm.org/10.1145/1401890.1401966}
}

@inproceedings{isax2,
  author    = {Alessandro Camerra and
               Themis Palpanas and
               Jin Shieh and
               Eamonn J. Keogh},
  title     = {{{\it i}SAX 2.0: Indexing and Mining One Billion Time Series}},
  booktitle = {ICDM},
  year      = {2010},
  pages     = {58-67}
  %ee        = {http://dx.doi.org/10.1109/ICDM.2010.124}
}
@article{QCube,
  author    = {Daniel Barbar{\'a} and
               Mark Sullivan},
  title     = {{Quasi-Cubes: Exploiting Approximations in Multidimensional
               Databases}},
  journal   = {SIGMOD Record},
  volume    = {26},
  number    = {3},
  year      = {1997}
  %,
  %pages     = {12-17},
  %ee        = {http://doi.acm.org/10.1145/262762.262764},
  %bibsource = {DBLP, http://dblp.uni-trier.de}
}
@inproceedings{pluse,
  author    = {Yanif Ahmad and
               Olga Papaemmanouil and
               Ugur \c{C}etintemel and
               Jennie Rogers},
  title     = {{Simultaneous Equation Systems for Query Processing on Continuous-Time
               Data Streams}},
  booktitle = {ICDE},
  year      = {2008},
  pages     = {666-675}
  
  %ee        = {http://doi.ieeecomputersociety.org/10.1109/ICDE.2008.4497475}
}
@inproceedings{functionDB,
  author    = {Arvind Thiagarajan and
               Samuel Madden},
  title     = {Querying continuous functions in a database system},
  booktitle = {SIGMOD Conference},
  year      = {2008},
  pages     = {791-804}
 % ee        = {http://doi.acm.org/10.1145/1376616.1376696}
}
@inproceedings{MauveDB,
  author    = {Amol Deshpande and
               Samuel Madden},
  title     = {{MauveDB: supporting model-based user views in database systems}},
  booktitle = {SIGMOD Conference},
  year      = {2006},
  pages     = {73-84}
  %ee        = {http://doi.acm.org/10.1145/1142473.1142483}
}
@inproceedings{Shatkay,
  author    = {Hagit Shatkay and
               Stanley B. Zdonik},
  title     = {Approximate Queries and Representations for Large Data Sequences},
  booktitle = {ICDE},
  year      = {1996},
  pages     = {536-545}
 % ee        = {http://doi.ieeecomputersociety.org/10.1109/ICDE.1996.492204}
}
 @Book{cheb,
  author =	 {J. C. Mason and D. Handscomb},
  ALTeditor = 	 {},
  title = 	 {Chebyshev
Polynomials},
  publisher = 	 {Chapman \& Hall},
  year = 	 {2003}  
}

@inproceedings{ArimaDB,
    author = {Rosenthal, Frank and Lehner, Wolfgang},
    title={ Effcient In-Database Maintenance of ARIMA Models},
  booktitle = {SSDBM},
  pages = {537-545},
  year = {2011}
}
@Book{iran,
  author =	 {Bruce Bueno de Mesquita  },
  ALTeditor = 	 {},
  title = 	 {Forecasting Policy Futures },
  publisher = 	 {Ohio State Univ},
  year = 	 {2004}  
}
@inproceedings{stock,
author={Kohara, K. and Ishikawa, T. and Fukuhara, Y. and  Nakamura, Y.},
title={ Stock price prediction using
prior knowledge and neural networks.},
 booktitle={Intelligent Systems in Accounting, Finance
\& Management},
 year={1997},
 pages = {11--22},
 volume={6},
   number={1}
   
 }
 
 
 @article{arimaEng,
   title={Day-ahead wind speed forecasting using f-ARIMA models},
   author={Kavasseri, R.G. and Seetharaman, K.},
   journal={Renewable Energy},
   volume={34},
   number={5},
   pages={1388--1393},
   year={2009},
   publisher={Elsevier}
}
 %Fast Subsequence Matching in Time-Series Databases
 %Clu-istos F~outsos* M. llanganat~an~ Yanais Maaolopoulo$
 
 
 @Book{Decompose,
  author =	 {M. Kendall and A. Stuart },
  ALTeditor = 	 {},
  title = 	 {The Advanced Theory of Statistics},
  publisher = 	 {Griffin},
  volume = 3,
  year = 	 {1983}  
}
 
 @article{DTPE08,
 author = {Ding, Hui and Trajcevski, Goce and Scheuermann, Peter and Wang, Xiaoyue and Keogh, Eamonn},
 title = {Querying and mining of time series data: experimental comparison of representations and distance measures},
 journal = {Proc. VLDB Endow.},
 issue_date = {August 2008},
 volume = {1},
 number = {2},
 month = aug,
 year = {2008},
 issn = {2150-8097},
 pages = {1542--1552},
 numpages = {11},
 url = {http://dx.doi.org/10.1145/1454159.1454226},
 doi = {10.1145/1454159.1454226},
 acmid = {1454226},
 publisher = {VLDB Endowment},
} 
@inproceedings{KML10,
  author    = {Mohamed E. Khalefa and
               Mohamed F. Mokbel and
               Justin J. Levandoski},
  title     = {Skyline query processing for uncertain data},
  booktitle = {CIKM},
  year      = {2010},
  pages     = {1293-1296},
  ee        = {http://doi.acm.org/10.1145/1871437.1871604},
  crossref  = {DBLP:conf/cikm/2010},
  bibsource = {DBLP, http://dblp.uni-trier.de}
}
@article{AG99,
 author = {Acharya, Swarup and Gibbons, Phillip B. and Poosala, Viswanath and Ramaswamy, Sridhar},
 title = {Join synopses for approximate query answering},
 journal = {SIGMOD Rec.},
 issue_date = {June 1999},
 volume = {28},
 number = {2},
 month = jun,
 year = {1999},
 issn = {0163-5808},
 pages = {275--286},
 numpages = {12},
 url = {http://doi.acm.org/10.1145/304181.304207},
 doi = {10.1145/304181.304207},
 acmid = {304207},
 publisher = {ACM},
 address = {New York, NY, USA},
} 

@article{STL,
  title={STL: A seasonal-trend decomposition procedure based on loess},
  author={Cleveland, R.B. and Cleveland, W.S. and McRae, J.E. and Terpenning, I.},
  journal={Journal of Official Statistics},
  volume={6},
  number={1},
  pages={3--73},
  year={1990}
}